

@inproceedings{gionis1999similarity,
	title={Similarity search in high dimensions via hashing},
	author={Gionis, Aristides and Indyk, Piotr and Motwani, Rajeev and others},
	booktitle={VLDB},
	volume={99},
	pages={518--529},
	year={1999}
}



@inproceedings{he2013k,
	title={K-means hashing: An affinity-preserving quantization method for learning binary compact codes},
	author={He, Kaiming and Wen, Fang and Sun, Jian},
	booktitle={Computer Vision and Pattern Recognition (CVPR), 2013 IEEE Conference on},
	pages={2938--2945},
	year={2013},
	organization={IEEE}
}

@article{kohonen1998self,
	title={The self-organizing map},
	author={Kohonen, Teuvo},
	journal={Neurocomputing},
	volume={21},
	number={1},
	pages={1--6},
	year={1998},
	publisher={Elsevier}
}

@article{gong2013iterative,
	title={Iterative quantization: A procrustean approach to learning binary codes for large-scale image retrieval},
	author={Gong, Yunchao and Lazebnik, Svetlana and Gordo, Albert and Perronnin, Florent},
	journal={Pattern Analysis and Machine Intelligence, IEEE Transactions on},
	volume={35},
	number={12},
	pages={2916--2929},
	year={2013},
	publisher={IEEE}
}

@article{ge2014optimized,
	title={Optimized product quantization},
	author={Ge, Tiezheng and He, Kaiming and Ke, Qifa and Sun, Jian},
	journal={Pattern Analysis and Machine Intelligence, IEEE Transactions on},
	volume={36},
	number={4},
	pages={744--755},
	year={2014},
	publisher={IEEE}
}
@inproceedings{weiss2009spectral,
	title={Spectral hashing},
	author={Weiss, Yair and Torralba, Antonio and Fergus, Rob},
	booktitle={Advances in neural information processing systems},
	pages={1753--1760},
	year={2009}
}
@article{lowe2004distinctive,
	title={Distinctive image features from scale-invariant keypoints},
	author={Lowe, David G},
	journal={International journal of computer vision},
	volume={60},
	number={2},
	pages={91--110},
	year={2004},
	publisher={Springer}
}
@article{oliva2001modeling,
	title={Modeling the shape of the scene: A holistic representation of the spatial envelope},
	author={Oliva, Aude and Torralba, Antonio},
	journal={International journal of computer vision},
	volume={42},
	number={3},
	pages={145--175},
	year={2001},
	publisher={Springer}
}
@article{torralba200880,
	title={80 million tiny images: A large data set for nonparametric object and scene recognition},
	author={Torralba, Antonio and Fergus, Rob and Freeman, William T},
	journal={Pattern Analysis and Machine Intelligence, IEEE Transactions on},
	volume={30},
	number={11},
	pages={1958--1970},
	year={2008},
	publisher={IEEE}
}
@article{king2012online,
	title={Online k-Means Clustering of Nonstationary Data},
	author={King, Angie},
	journal={Prediction Project Report},
	year={2012}
}


@inproceedings{huang2013online,
	title={Online hashing},
	author={Huang, Long-Kai and Yang, Qiang and Zheng, Wei-Shi},
	booktitle={Proceedings of the Twenty-Third international joint conference on Artificial Intelligence},
	pages={1422--1428},
	year={2013},
	organization={AAAI Press}
}

@inproceedings{leng2015online,
	title={Online Sketching Hashing},
	author={Leng, Cong and Wu, Jiaxiang and Cheng, Jian and Bai, Xiao and Lu, Hanqing},
	booktitle={Proceedings of the IEEE Conference on Computer Vision and Pattern Recognition},
	pages={2503--2511},
	year={2015}
}

@article{wang2012semi,
	title={Semi-supervised hashing for large-scale search},
	author={Wang, Jun and Kumar, Sanjiv and Chang, Shih-Fu},
	journal={Pattern Analysis and Machine Intelligence, IEEE Transactions on},
	volume={34},
	number={12},
	pages={2393--2406},
	year={2012},
	publisher={IEEE}
}

@inproceedings{heo2012spherical,
	title={Spherical hashing},
	author={Heo, Jae-Pil and Lee, Youngwoon and He, Junfeng and Chang, Shih-Fu and Yoon, Sung-Eui},
	booktitle={Computer Vision and Pattern Recognition (CVPR), 2012 IEEE Conference on},
	pages={2957--2964},
	year={2012},
	organization={IEEE}
}


@book{fulcher2008computational,
	title={Computational intelligence: a compendium},
	author={Fulcher, John and Jain, Lakhmi C and others},
	volume={21},
	year={2008},
	publisher={Springer}
}


@inproceedings{shen2013inductive,
	title={Inductive hashing on manifolds},
	author={Shen, Fumin and Shen, Chunhua and Shi, Qinfeng and Van Den Hengel, Anton and Tang, Zhenmin},
	booktitle={Computer Vision and Pattern Recognition (CVPR), 2013 IEEE Conference on},
	pages={1562--1569},
	year={2013},
	organization={IEEE}
}

@article{chow2006content,
	title={Content-based image retrieval by using tree-structured features and multi-layer self-organizing map},
	author={Chow, Tommy WS and Rahman, MKM and Wu, Sitao},
	journal={Pattern Analysis and Applications},
	volume={9},
	number={1},
	pages={1--20},
	year={2006},
	publisher={Springer}
}

@article{rauber2002growing,
	title={The growing hierarchical self-organizing map: exploratory analysis of high-dimensional data},
	author={Rauber, Andreas and Merkl, Dieter and Dittenbach, Michael},
	journal={Neural Networks, IEEE Transactions on},
	volume={13},
	number={6},
	pages={1331--1341},
	year={2002},
	publisher={IEEE}
}
